% Encoding: UTF-8

@Article{Galea2018ExploitingAA,
  author  = {Dieter Galea and Ivan Laponogov and Kirill A. Veselkov},
  journal = {Bioinformatics},
  title   = {Exploiting and assessing multi-source data for supervised biomedical named entity recognition},
  year    = {2018},
  pages   = {2474 - 2482},
  volume  = {34},
}

@Comment{jabref-meta: databaseType:bibtex;}
